%YAML 1.1
%TAG !u! tag:unity3d.com,2011:
--- !u!1 &3189640582498578649
GameObject:
  m_ObjectHideFlags: 0
  m_CorrespondingSourceObject: {fileID: 0}
  m_PrefabInstance: {fileID: 0}
  m_PrefabAsset: {fileID: 0}
  serializedVersion: 6
  m_Component:
  - component: {fileID: 398573703768795176}
  - component: {fileID: 5659464434105494618}
  - component: {fileID: 2934165626076061440}
  - component: {fileID: 6042950007139994462}
  - component: {fileID: 5860411069879033124}
  m_Layer: 5
  m_Name: Holder
  m_TagString: Untagged
  m_Icon: {fileID: 0}
  m_NavMeshLayer: 0
  m_StaticEditorFlags: 0
  m_IsActive: 1
--- !u!224 &398573703768795176
RectTransform:
  m_ObjectHideFlags: 0
  m_CorrespondingSourceObject: {fileID: 0}
  m_PrefabInstance: {fileID: 0}
  m_PrefabAsset: {fileID: 0}
  m_GameObject: {fileID: 3189640582498578649}
  m_LocalRotation: {x: -0, y: -0, z: -0, w: 1}
  m_LocalPosition: {x: 0, y: 0, z: 0}
  m_LocalScale: {x: 1, y: 1, z: 1}
  m_ConstrainProportionsScale: 0
  m_Children: []
  m_Father: {fileID: 5576116839825588429}
  m_RootOrder: 0
  m_LocalEulerAnglesHint: {x: 0, y: 0, z: 0}
  m_AnchorMin: {x: 0, y: 0}
  m_AnchorMax: {x: 1, y: 1}
  m_AnchoredPosition: {x: 0, y: 0}
  m_SizeDelta: {x: 0, y: 0}
  m_Pivot: {x: 0.5, y: 0.5}
--- !u!222 &5659464434105494618
CanvasRenderer:
  m_ObjectHideFlags: 0
  m_CorrespondingSourceObject: {fileID: 0}
  m_PrefabInstance: {fileID: 0}
  m_PrefabAsset: {fileID: 0}
  m_GameObject: {fileID: 3189640582498578649}
  m_CullTransparentMesh: 1
--- !u!114 &2934165626076061440
MonoBehaviour:
  m_ObjectHideFlags: 0
  m_CorrespondingSourceObject: {fileID: 0}
  m_PrefabInstance: {fileID: 0}
  m_PrefabAsset: {fileID: 0}
  m_GameObject: {fileID: 3189640582498578649}
  m_Enabled: 1
  m_EditorHideFlags: 0
  m_Script: {fileID: 11500000, guid: fe87c0e1cc204ed48ad3b37840f39efc, type: 3}
  m_Name: 
  m_EditorClassIdentifier: 
  m_Material: {fileID: 0}
  m_Color: {r: 0.20784314, g: 0.20784314, b: 0.20784314, a: 0.6313726}
  m_RaycastTarget: 1
  m_RaycastPadding: {x: 0, y: 0, z: 0, w: 0}
  m_Maskable: 1
  m_OnCullStateChanged:
    m_PersistentCalls:
      m_Calls: []
  m_Sprite: {fileID: 0}
  m_Type: 0
  m_PreserveAspect: 0
  m_FillCenter: 1
  m_FillMethod: 4
  m_FillAmount: 1
  m_FillClockwise: 1
  m_FillOrigin: 0
  m_UseSpriteMesh: 0
  m_PixelsPerUnitMultiplier: 1
--- !u!114 &6042950007139994462
MonoBehaviour:
  m_ObjectHideFlags: 0
  m_CorrespondingSourceObject: {fileID: 0}
  m_PrefabInstance: {fileID: 0}
  m_PrefabAsset: {fileID: 0}
  m_GameObject: {fileID: 3189640582498578649}
  m_Enabled: 1
  m_EditorHideFlags: 0
  m_Script: {fileID: 11500000, guid: 59f8146938fff824cb5fd77236b75775, type: 3}
  m_Name: 
  m_EditorClassIdentifier: 
  m_Padding:
    m_Left: 30
    m_Right: 30
    m_Top: 30
    m_Bottom: 30
  m_ChildAlignment: 0
  m_Spacing: 17.5
  m_ChildForceExpandWidth: 1
  m_ChildForceExpandHeight: 0
  m_ChildControlWidth: 1
  m_ChildControlHeight: 0
  m_ChildScaleWidth: 0
  m_ChildScaleHeight: 0
  m_ReverseArrangement: 0
--- !u!114 &5860411069879033124
MonoBehaviour:
  m_ObjectHideFlags: 0
  m_CorrespondingSourceObject: {fileID: 0}
  m_PrefabInstance: {fileID: 0}
  m_PrefabAsset: {fileID: 0}
  m_GameObject: {fileID: 3189640582498578649}
  m_Enabled: 1
  m_EditorHideFlags: 0
  m_Script: {fileID: 11500000, guid: 3245ec927659c4140ac4f8d17403cc18, type: 3}
  m_Name: 
  m_EditorClassIdentifier: 
  m_HorizontalFit: 0
  m_VerticalFit: 2
--- !u!1 &8034979456113218042
GameObject:
  m_ObjectHideFlags: 0
  m_CorrespondingSourceObject: {fileID: 0}
  m_PrefabInstance: {fileID: 0}
  m_PrefabAsset: {fileID: 0}
  serializedVersion: 6
  m_Component:
  - component: {fileID: 5576116839825588429}
  - component: {fileID: 529330203573383508}
  - component: {fileID: 6852313044817480686}
  - component: {fileID: 9078293154730682300}
  - component: {fileID: 4367574065693840784}
  - component: {fileID: 1863380374076150439}
  - component: {fileID: 1302049270038076600}
  - component: {fileID: 4972824085868910413}
  m_Layer: 5
  m_Name: ControllerConsole
  m_TagString: Untagged
  m_Icon: {fileID: 0}
  m_NavMeshLayer: 0
  m_StaticEditorFlags: 0
  m_IsActive: 1
--- !u!224 &5576116839825588429
RectTransform:
  m_ObjectHideFlags: 0
  m_CorrespondingSourceObject: {fileID: 0}
  m_PrefabInstance: {fileID: 0}
  m_PrefabAsset: {fileID: 0}
  m_GameObject: {fileID: 8034979456113218042}
  m_LocalRotation: {x: 0, y: -0.258819, z: 0, w: 0.9659259}
  m_LocalPosition: {x: 0, y: 0, z: 1}
  m_LocalScale: {x: 0.00045, y: 0.00045, z: 0.00045}
  m_ConstrainProportionsScale: 1
  m_Children:
  - {fileID: 398573703768795176}
  m_Father: {fileID: 0}
  m_RootOrder: 0
  m_LocalEulerAnglesHint: {x: 0, y: -30, z: 0}
  m_AnchorMin: {x: 0, y: 0}
  m_AnchorMax: {x: 0, y: 0}
  m_AnchoredPosition: {x: -0.5, y: 1.5}
  m_SizeDelta: {x: 800, y: 800}
  m_Pivot: {x: 0.5, y: 0.5}
--- !u!114 &529330203573383508
MonoBehaviour:
  m_ObjectHideFlags: 0
  m_CorrespondingSourceObject: {fileID: 0}
  m_PrefabInstance: {fileID: 0}
  m_PrefabAsset: {fileID: 0}
  m_GameObject: {fileID: 8034979456113218042}
  m_Enabled: 1
  m_EditorHideFlags: 0
  m_Script: {fileID: 11500000, guid: 7b0391bf50b74ddf9cc6101407bdc8b3, type: 3}
  m_Name: 
  m_EditorClassIdentifier: 
  _toggleItemPrefab: {fileID: 1079440688481029473, guid: 0675cf562b5be4c7aafe3d4d97796dd2, type: 3}
  _toggleGroupItemPrefab: {fileID: 2563584899999481770, guid: 184b81d9a562241aaa47e00a4a563ab7, type: 3}
  _colorItemPrefab: {fileID: 1426243378788919975, guid: b605fb42f7ee840ca9a93c73d0bfb573, type: 3}
  _enumItemPrefab: {fileID: 6598235185563002579, guid: 53b71114220a54629a92439d3d20a2a7, type: 3}
  _enumVerticalItemPrefab: {fileID: 6598235185563002579, guid: 7ffd85b05d1c74b8cbd4efdca1c13fc4, type: 3}
  _numberItemPrefab: {fileID: 2297797376135120037, guid: de6d83960db074a9db6549edba422884, type: 3}
  _spacerItemPrefab: {fileID: 7546591786853157818, guid: 534deccc33e2d4c6893446a8c01485cf, type: 3}
  _buttonItemPrefab: {fileID: 6837092873308404296, guid: 8ee1bb86a3c6d4b3ea9df841f778fbc3, type: 3}
  _titleItemPrefab: {fileID: 4400695581750169683, guid: 230340264596246afb1033aa3f8886d8, type: 3}
  _labelItemPrefab: {fileID: 5702091847327002436, guid: ca7e5472ca1374ea499f7a03610ed4f1, type: 3}
  _holder: {fileID: 398573703768795176}
  _contentSizeFitter: {fileID: 5860411069879033124}
--- !u!114 &6852313044817480686
MonoBehaviour:
  m_ObjectHideFlags: 0
  m_CorrespondingSourceObject: {fileID: 0}
  m_PrefabInstance: {fileID: 0}
  m_PrefabAsset: {fileID: 0}
  m_GameObject: {fileID: 8034979456113218042}
  m_Enabled: 1
  m_EditorHideFlags: 0
  m_Script: {fileID: 11500000, guid: fe29184d9cc934d8d9597698ceef33fd, type: 3}
  m_Name: 
  m_EditorClassIdentifier: 
  followingType: 0
  smoothFollowing: 0
  followingSpeed: 5
  overridePosition: 0
  position: {x: 0, y: 0, z: 0}
  autoUpdate: 1
--- !u!223 &9078293154730682300
Canvas:
  m_ObjectHideFlags: 0
  m_CorrespondingSourceObject: {fileID: 0}
  m_PrefabInstance: {fileID: 0}
  m_PrefabAsset: {fileID: 0}
  m_GameObject: {fileID: 8034979456113218042}
  m_Enabled: 1
  serializedVersion: 3
  m_RenderMode: 2
  m_Camera: {fileID: 0}
  m_PlaneDistance: 100
  m_PixelPerfect: 0
  m_ReceivesEvents: 1
  m_OverrideSorting: 0
  m_OverridePixelPerfect: 0
  m_SortingBucketNormalizedSize: 0
  m_VertexColorAlwaysGammaSpace: 0
  m_AdditionalShaderChannelsFlag: 25
  m_SortingLayerID: 0
  m_SortingOrder: 0
  m_TargetDisplay: 0
--- !u!114 &4367574065693840784
MonoBehaviour:
  m_ObjectHideFlags: 0
  m_CorrespondingSourceObject: {fileID: 0}
  m_PrefabInstance: {fileID: 0}
  m_PrefabAsset: {fileID: 0}
  m_GameObject: {fileID: 8034979456113218042}
  m_Enabled: 1
  m_EditorHideFlags: 0
  m_Script: {fileID: 11500000, guid: cda55e775a073411fa34ea4fc19eb340, type: 3}
  m_Name: 
  m_EditorClassIdentifier: 
--- !u!114 &1863380374076150439
MonoBehaviour:
  m_ObjectHideFlags: 0
  m_CorrespondingSourceObject: {fileID: 0}
  m_PrefabInstance: {fileID: 0}
  m_PrefabAsset: {fileID: 0}
  m_GameObject: {fileID: 8034979456113218042}
  m_Enabled: 1
  m_EditorHideFlags: 0
  m_Script: {fileID: 11500000, guid: 0cd44c1031e13a943bb63640046fad76, type: 3}
  m_Name: 
  m_EditorClassIdentifier: 
  m_UiScaleMode: 0
  m_ReferencePixelsPerUnit: 100
  m_ScaleFactor: 1
  m_ReferenceResolution: {x: 800, y: 600}
  m_ScreenMatchMode: 0
  m_MatchWidthOrHeight: 0
  m_PhysicalUnit: 3
  m_FallbackScreenDPI: 96
  m_DefaultSpriteDPI: 96
  m_DynamicPixelsPerUnit: 1
  m_PresetInfoIsWorld: 1
--- !u!114 &1302049270038076600
MonoBehaviour:
  m_ObjectHideFlags: 0
  m_CorrespondingSourceObject: {fileID: 0}
  m_PrefabInstance: {fileID: 0}
  m_PrefabAsset: {fileID: 0}
  m_GameObject: {fileID: 8034979456113218042}
  m_Enabled: 1
  m_EditorHideFlags: 0
  m_Script: {fileID: 11500000, guid: dc42784cf147c0c48a680349fa168899, type: 3}
  m_Name: 
  m_EditorClassIdentifier: 
  m_IgnoreReversedGraphics: 1
  m_BlockingObjects: 0
  m_BlockingMask:
    serializedVersion: 2
    m_Bits: 4294967295
--- !u!114 &4972824085868910413
MonoBehaviour:
  m_ObjectHideFlags: 0
  m_CorrespondingSourceObject: {fileID: 0}
  m_PrefabInstance: {fileID: 0}
  m_PrefabAsset: {fileID: 0}
  m_GameObject: {fileID: 8034979456113218042}
  m_Enabled: 1
  m_EditorHideFlags: 0
  m_Script: {fileID: 11500000, guid: 7951c64acb0fa62458bf30a60089fe2d, type: 3}
  m_Name: 
  m_EditorClassIdentifier: 
  m_IgnoreReversedGraphics: 1
  m_CheckFor2DOcclusion: 0
  m_CheckFor3DOcclusion: 0
  m_BlockingMask:
    serializedVersion: 2
    m_Bits: 4294967295
  m_RaycastTriggerInteraction: 1
